section{Technická dokumentace použitých součástek},

@dataset{polifuse,
    keywords     = {datasheeth},
    title        = {Positive Thermal Coefficent},
    year         = {2021-1-3},
    number       = {SMD1206P200TF},
    note         = {Rev. 01},
    organization = {Circuit Protection System},
    url          = {https://datasheet.lcsc.com/szlcsc/Shenzhen-Ruilongyuan-Elec-SMD1206P200TF_C20988.pdf},
},
    %https://datasheet.lcsc.com/szlcsc/Shenzhen-Ruilongyuan-Elec-SMD1206P200TF_C20988.pdf            % polyfuse

@dataset{power_MOSFET,
    keywords     = {datasheeth},
    title        = {P-Channel MOSFET},
    year         = {2021-1-3},
    number       = {Si3447CDV},
    note         = {Rev. 08-Feb-17},
    organization = {JIANGSU CHANGJIANG ELECTRONICS TECHNOLOGY},
    url          = {https://datasheet.lcsc.com/szlcsc/Vishay-Intertech-SI3447CDV-T1-E3_C145421.pdf},
},
    %https://datasheet.lcsc.com/szlcsc/Vishay-Intertech-SI3447CDV-T1-E3_C145421.pdf                  % silové MOSFET

@dataset{cj3134k,
    keywords     = {datasheeth},
    title        = {N-Channel MOSFET},
    year         = {2021-1-3},
    number       = {CJ3134K},
    note         = {Rev. F,Aug,2015},
    organization = {Vishay Siliconix},
    url          = {https://datasheet.lcsc.com/szlcsc/Changjiang-Electronics-Tech-CJ-CJ3134K_C110100.pdf},
},
    %https://datasheet.lcsc.com/szlcsc/Changjiang-Electronics-Tech-CJ-CJ3134K_C110100.pdf            % primární logický MOSFET

@dataset{an_sy8009,
    keywords     = {datasheeth},
    title        = {Step Down Regulator},
    year         = {2021-1-3},
    number       = {AN_SY8009},
    note         = {Rev. 0.71},
    organization = {Silergy Corp},
    url          = {https://datasheet.lcsc.com/szlcsc/Silergy-Corp-SY8009BABC_C79314.pdf},
},
    %https://datasheet.lcsc.com/szlcsc/Silergy-Corp-SY8009BABC_C79314.pdf                            % stepdown (jen na prvním prototipu E4)

@dataset{yspi0530-2r2m,
    keywords     = {datasheeth},
    title        = {Cívka},
    year         = {2021-1-3},
    number       = {YSPI0530-2R2M},
    note         = {Rev. 01},
    organization = {Sunlord },
    url          = {https://datasheet.lcsc.com/szlcsc/Sunlord-MWSA0603-2R2MT_C112126.pdf},
},
    %https://datasheet.lcsc.com/szlcsc/Sunlord-MWSA0603-2R2MT_C112126.pdf                            % cívka pro spínané zdroje

@dataset{fp6276a,
    keywords     = {datasheeth},
    title        = {Step Up Regulator},
    year         = {2021-1-3},
    number       = {FP6276A},
    note         = {Rev. 0.6},
    organization = {FEELING TECHNOLOGY},
    url          = {https://datasheet.lcsc.com/szlcsc/Feeling-Tech-FP6276AXR-G1_C83308.pdf},
},
    %https://datasheet.lcsc.com/szlcsc/Feeling-Tech-FP6276AXR-G1_C83308.pdf                          % stepup

@dataset{se9017,
    keywords     = {datasheeth},
    title        = {Linear charger},
    year         = {2021-1-3},
    number       = {SE9017},
    note         = {Rev. 12/11/2009},
    organization = {SEAWARD ELECTRONICS},
    url          = {https://datasheet.lcsc.com/szlcsc/Seaward-Elec-SE9017-HF_C115752.pdf},
},
    %https://datasheet.lcsc.com/szlcsc/Seaward-Elec-SE9017-HF_C115752.pdf                            % nabíječka

@dataset{low-voltage-MOSFET,
    keywords     = {datasheeth},
    title        = {N-Channel MOSFET},
    year         = {2021-1-3},
    number       = {AO3400A},
    note         = {Rev. 3: Dec 2011},
    organization = {Alpha Omega Semicon},
    url          = {https://datasheet.lcsc.com/szlcsc/Alpha-Omega-Semicon-AOS-AO3400A_C20917.pdf},
},
    %https://datasheet.lcsc.com/szlcsc/Alpha-Omega-Semicon-AOS-AO3400A_C20917.pdf                    % logický MOSFET pro napájení programátoru

@dataset{cp2102,
    keywords     = {datasheeth},
    title        = {USB to UART},
    year         = {2021-1-3},
    number       = {CP2102N},
    note         = {Rev. 1.5},
    organization = {Silicon Labs},
    url          = {https://www.silabs.com/documents/public/data-sheets/cp2102n-datasheet.pdf},
},
    %https://www.silabs.com/documents/public/data-sheets/cp2102n-datasheet.pdf                       % USP -> UART CP2102

@dataset{mmbt3904,
    keywords     = {datasheeth},
    title        = {NPN TRANSISTOR},
    year         = {2021-1-3},
    number       = {MMBT3904},
    note         = {Rev. C.Oct.2012},
    organization = {Alpha Omega Semicon},
    url          = {https://datasheet.lcsc.com/szlcsc/Changjiang-Electronics-Tech-CJ-MMBT3904_C20526.pdf},
},
    %https://datasheet.lcsc.com/szlcsc/Changjiang-Electronics-Tech-CJ-MMBT3904_C20526.pdf            % NPN transistor pro programátor

@dataset{ESP32-WROVER-B,
    keywords     = {datasheeth},
    title        = {ESP32-WROVER},
    year         = {2021-1-3},
    number       = {ESP32-WROVER-B},
    note         = {Rev.  1.6},
    organization = {Espressif Systems},
    url          = {https://www.espressif.com/sites/default/files/documentation/esp32-wrover-b_datasheet_en.pdf},
},
    %https://www.espressif.com/sites/default/files/documentation/esp32-wrover-b_datasheet_en.pdf     % ESP32 wrover (jakože osobně mám k ESP celou složku (datasheeth/esp32), rozhodně ne jedno PDF) %todo co s tím? přiložit k práci nebo všechno někde pohledat na netu aby byl odkaz?
@dataset{ESP32,
    keywords     = {datasheeth},
    title        = {ESP32-WROVER},
    year         = {2021-1-3},
    number       = {ESP32-WROVER-B},
    note         = {Rev.  2020-04-27},
    organization = {Espressif Systems},
    url          = {https://www.espressif.com/sites/default/files/documentation/esp32_technical_reference_dataset_en.pdf},
},
    %https://www.espressif.com/sites/default/files/documentation/esp32_datasheet_en.pdf

@dataset{ESP32-sch,
    keywords     = {datasheeth},
    title        = {ESP32-Core-Board_sch},
    year         = {2021-1-3},
    number       = {ESP32-Core-Board-V2_sch},
    note         = {Rev. september 14, 2016},
    organization = {Espressif Systems},
    url          = {https://dl.espressif.com/dl/schematics/ESP32-Core-Board-V2_sch.pdf},
},
    %https://dl.espressif.com/dl/schematics/ESP32-Core-Board-V2_sch.pdf

@dataset{ESP-PSRAM32,
    keywords     = {datasheeth},
    title        = {Pseudo Static RAM},
    year         = {2021-1-3},
    number       = {ESP-PSRAM32},
    note         = {Rev. june 2017},
    organization = {spressif Systems},
    url          = {http://gamma.spb.ru/images/pdf/esp-psram32_datasheet_en.pdf},
},
    %http://gamma.spb.ru/images/pdf/esp-psram32_datasheet_en.pdf

@dataset{bmx055,
    keywords     = {datasheeth},
    title        = {9-axis sensor},
    year         = {2021-1-3},
    number       = {BMX055},
    note         = {Rev.  November 7, 2014},
    organization = {Bosch Sensortec},
    url          = {https://datasheet.lcsc.com/szlcsc/Bosch-Sensortec-BMX055_C94022.pdf},
},
    %https://datasheet.lcsc.com/szlcsc/Bosch-Sensortec-BMX055_C94022.pdf                             % BMX055 gyroskop, akcelerometr, magnetický kompas

@dataset{m41t62,
    keywords     = {datasheeth},
    title        = {RTC},
    year         = {2021-1-3},
    number       = {M41T62},
    note         = {Rev. October 2015},
    organization = {STMicroelectronics},
    url          = {https://datasheet.lcsc.com/szlcsc/STMicroelectronics-M41T62Q6F_C113207.pdf},
},
    %https://datasheet.lcsc.com/szlcsc/STMicroelectronics-M41T62Q6F_C113207.pdf                      % M41T60 RTC

@dataset{sd103aws,
    keywords     = {datasheeth},
    title        = {Dioda},
    year         = {2021-1-3},
    number       = {SD103AWS},
    note         = {Rev. 07},
    organization = {SKTechnology},
    url          = {https://datasheet.lcsc.com/szlcsc/SK-SD103AWS_C109204.pdf},
},
    %https://datasheet.lcsc.com/szlcsc/SK-SD103AWS_C109204.pdf                                       % dioda pro RTC

@dataset{nx3215sa,
    keywords     = {datasheeth},
    title        = {Krystal},
    year         = {2021-1-3},
    number       = {NX3215SA},
    note         = {Rev. 01},
    organization = {Nihon Dempa Kogyo},
    url          = {https://datasheet.lcsc.com/szlcsc/Nihon-Dempa-Kogyo-NX3215SA-32-768KHZ-STD-MUA-14_C156244.pdf},
},
    %https://datasheet.lcsc.com/szlcsc/Nihon-Dempa-Kogyo-NX3215SA-32-768KHZ-STD-MUA-14_C156244.pdf   % krystal pro RTC

@dataset{spl06,
    keywords     = {datasheeth},
    title        = {Digital pressure sensor},
    year         = {2021-1-3},
    number       = {SPL06-007},
    note         = {Rev. 01-2017.5.17},
    organization = {Goertek},
    url          = {https://datasheet.lcsc.com/szlcsc/1907081118_Goertek-SPL06-007_C233787.pdf},
},
    %https://datasheet.lcsc.com/szlcsc/1907081118_Goertek-SPL06-007_C233787.pdf                      % SPL06 barometr

@dataset{irm-h936,
    keywords     = {datasheeth},
    title        = {IR receiver},
    year         = {2021-1-3},
    number       = {IRM-H936},
    note         = {Rev. August 20, 2010},
    organization = {Everlight},
    url          = {https://datasheet.lcsc.com/szlcsc/1912111437_Everlight-Elec-IRM-H936-TR2_C264266.pdf},
},
    %https://datasheet.lcsc.com/szlcsc/1912111437_Everlight-Elec-IRM-H936-TR2_C264266.pdf            % IRM-H936 IR přijímač

@dataset{ir19-21c/tr8,
    keywords     = {datasheeth},
    title        = {IR transmitter},
    year         = {2021-1-3},
    number       = {IR19-21C/TR8},
    note         = {Rev. 07-20-2005},
    organization = {Everlight},
    url          = {https://datasheet.lcsc.com/szlcsc/Everlight-Elec-IR19-21C-TR8-AQL_C142316.pdf},
},
    %https://datasheet.lcsc.com/szlcsc/Everlight-Elec-IR19-21C-TR8-AQL_C142316.pdf                   % IR led

@dataset{do-214ac/sam,
    keywords     = {datasheeth},
    title        = {SCHOTTKY BARRIER RECTIFIER},
    year         = {2021-1-3},
    number       = {DO-214AC/SMA},
    note         = {Rev. 01},
    organization = {MDD Jiangsu Yutai Elec},
    url          = {https://datasheet.lcsc.com/szlcsc/1903061001_MDD-Jiangsu-Yutai-Elec-SS54_C22452.pdf},
},  
    %https://datasheet.lcsc.com/szlcsc/1903061001_MDD-Jiangsu-Yutai-Elec-SS54_C22452.pdf             % Schottkyho dioda k motoru

@dataset{mh253,
    keywords     = {datasheeth},
    title        = {Hall-effect sensor},
    year         = {2021-1-3},
    number       = {MH253},
    note         = {Rev. 1.04},
    organization = {Magnesensor Technology},
    url          = {https://datasheet.lcsc.com/szlcsc/Magnesensor-Tech-MST-MH253ESO_C114369.pdf},
}, 
    %https://datasheet.lcsc.com/szlcsc/Magnesensor-Tech-MST-MH253ESO_C114369.pdf                     % Hallova sonda

@dataset{WS2812,
    keywords     = {datasheeth},
    title        = {LED},
    year         = {2021-1-3},
    number       = {WS2812B-Mini-V3},
    note         = {Rev. 3.0/23-1-2019},
    organization = {Worldsemi},
    url          = {https://datasheet.lcsc.com/szlcsc/2005251033_Worldsemi-WS2812B-Mini_C527089.pdf},
},
    %https://datasheet.lcsc.com/szlcsc/2005251033_Worldsemi-WS2812B-Mini_C527089.pdf                 % WS2812 inteligentní ledky

@dataset{LDC1614,
    keywords     = {datasheeth},
    title        = {Inductance to Digital Converter (LDC) for Inductive Sensing},
    year         = {2021-1-3},
    number       = {LDC1614},
    note         = {Rev. MARCH 2018},
    organization = {Texas Instruments},
    url          = {http://www.ti.com/lit/ds/symlink/ldc1614.pdf},
},
    %http://www.ti.com/lit/ds/symlink/ldc1416.pdf                                                    % LDC1314/11614

@dataset{mpu6050,
    keywords     = {datasheeth},
    title        = {Gyro and Accelerometer},
    year         = {2021-1-3},
    number       = {MPU6050},
    note         = {Rev. 3.4/08.19.2013},
    organization = {InvenSense},
    url          = {https://datasheet.lcsc.com/szlcsc/TDK-InvenSense-MPU-6050_C24112.pdf},
},
    %https://datasheet.lcsc.com/szlcsc/TDK-InvenSense-MPU-6050_C24112.pdf                            % MPU6050 akcelerometr, gyroskop

@dataset{qmc5883,
    keywords     = {datasheeth},
    title        = {3-Axis Magnetic Sensor},
    year         = {2021-1-3},
    number       = {QMC5883L},
    note         = {Rev. Feb. 20163},
    organization = {InvenSense},
    url          = {https://datasheet.lcsc.com/szlcsc/QST-QMC5883L-TR_C192585.pdf},
},
    %https://datasheet.lcsc.com/szlcsc/QST-QMC5883L-TR_C192585.pdf                                   % QMC5883 magnetický kompas

@dataset{stabl,
    keywords     = {datasheeth},
    title        = {low drop linear regulator},
    year         = {2021-1-3},
    number       = {LD39200},
    note         = {Rev. July 2017},
    organization = {STMicroelectronics},
    url          = {https://datasheet.lcsc.com/szlcsc/1808280153_STMicroelectronics-LD39200PU33R_C222192.pdf},
},
    %https://datasheet.lcsc.com/szlcsc/1808280153_STMicroelectronics-LD39200PU33R_C222192.pdf        % 3V3 stabilizátor

@dataset{ss360nt,
    keywords     = {datasheeth},
    title        = {Hall-effect sensor},
    year         = {2021-1-3},
    number       = {SS360NT},
    note         = {Rev. July 2016},
    organization = {Honeywell},
    url          = {https://datasheet.lcsc.com/szlcsc/Honeywell-SS360ST_C111924.pdf},
},
    %https://datasheet.lcsc.com/szlcsc/Honeywell-SS360ST_C111924.pdf                                 % Hallova sondy

@dataset{cihla,
    keywords     = {datasheeth},
    title        = {cihla},
    year         = {2021-1-3},
    number       = {Porotherm 30/24 N},
    note         = {Rev. 01},
    organization = {Porotherm},
    url          = {https://www.wienerberger.cz/content/dam/wienerberger/czech-republic/marketing/documents-magazines/technical/technical-product-info-sheet/wall/CZ_POR_TEC_Pth_30-24_N.pdf},
},
    %https://www.wienerberger.cz/content/dam/wienerberger/czech-republic/marketing/documents-magazines/technical/technical-product-info-sheet/wall/CZ_POR_TEC_Pth_30-24_N.pdf   %cihla

@dataset{LDC-cd0,
    keywords     = {datasheeth},
    organization = {Texas Instruments},
    title        = {Konstrukce cívky k LDC},
    urldata      = {2021-1-3},
    url          = {https://www.ti.com/lit/an/snoa930b/snoa930b.pdf?ts=1614377965173&ref_url=https\%253A\%252F\%252Fwww.ti.com\%252Fsitesearch\%252Fdocs\%252Funiversalsearch.tsp\%253FsearchTerm\%253DLDC},
},
    %https://www.ti.com/lit/an/snoa930b/snoa930b.pdf?ts=1614377965173&ref_url=https%253A%252F%252Fwww.ti.com%252Fsitesearch%252Fdocs%252Funiversalsearch.tsp%253FsearchTerm%253DLDC 
                                                                                                % Application note k LDC

@dataset{LDC-cd1,
    keywords     = {datasheeth},
    organization = {Texas Instruments},
    title        = {Konstrukce cívky k LDC},
    urldata      = {2021-1-3},
    url          = {https://www.ti.com/lit/an/slya048a/slya048a.pdf?ts=1614368129537&ref_url=https\%253A\%252F\%252Fwww.ti.com\%252Fproduct\%252FFDC2214},
},
    %https://www.ti.com/lit/an/slya048a/slya048a.pdf?ts=1614368129537&ref_url=https%253A%252F%252Fwww.ti.com%252Fproduct%252FFDC2214
                                                                                                % Application note k LDC

%ApplicationNote
@dataset{LDC-simulation,
    keywords     = {datasheeth},
    organization = {Texas Instruments},
    title        = {Konstrukce cívky k LDC},
    urldata      = {2021-1-3},
    url          = {https://www.ti.com/lit/an/snoaa04/snoaa04.pdf?ts=1614378318596&ref_url=https\%253A\%252F\%252Fwww.ti.com\%252Fproduct\%252FLDC1614-Q1},
},                                                                                              
    %https://www.ti.com/lit/an/snoaa04/snoaa04.pdf?ts=1614378318596&ref_url=https%253A%252F%252Fwww.ti.com%252Fproduct%252FLDC1614-Q1
                                                                                                % Application note k LDC

@online{ALKS,
    keywords     = {online},
	author  = "RoboticsBrno",
    title   = "projekt ALKS",
    url     = {https://github.com/RoboticsBrno/ArduinoLearningKitStarter/projects},
    urldate = {2021-1-3},
},
    %https://github.com/RoboticsBrno/ArduinoLearningKitStarter/projects                              % ALKS git repositori

@online{KiKit,
    keywords     = {online},
	author  = "Jan Mrázek",
    title   = "KiKit",
    url     = {https://github.com/yaqwsx/KiKit},
    urldate = {2021-1-3},
},
    %https://github.com/yaqwsx/KiKit

@online{soc2020,
    keywords     = {online},
	author  = "Tomáš Vavrinec",
    title   = "Postav si svého prvního robota", 
    url     = {https://github.com/TVavrinec/SOC-text/blob/master/SOČ.pdf},
    urldate = {2021-1-3},
},  
    %https://github.com/TVavrinec/SOC-text/actions/new                                               % minulá SOČka

@online{jlcpcb,
    keywords     = {online},
    title   = "JLCPCB", 
    url     = {https://jlcpcb.com/parts},
    urldate = {2021-1-3},
},
    %https://jlcpcb.com/parts


@online{pevnost_dreva,
    keywords     = {online},
	author  = "",
    title   = "Mechanické vlastonosti dřevin", 
    url     = {https://is.mendelu.cz/eknihovna/opory/zobraz_cast.pl?fit_w=1;cast=9190},
    urldate = {2021-1-3},
},
    %https://is.mendelu.cz/eknihovna/opory/zobraz_cast.pl?fit_w=1;cast=9190 % autora bohužel neznám

@online{robotarna,
    keywords     = {online},
	author  = "",
    title   = "DDM Helceletova Brno Robotárna", 
    url     = {https://helceletka.cz/robotarna/},
    urldate = {2021-1-3},
},
    %https://helceletka.cz/robotarna/


% to jsou zdroje použity na E4 takže součástky která byli jen na starších verzích tu nejsou, teda krom ALKSu
