@online{pevnost,
    keywords     = {online},
	author  = "",
    title   = "Mechanické vlastonosti dřevin", 
    url     = {https://is.mendelu.cz/eknihovna/opory/zobraz_cast.pl?fit_w=1;cast=9190},
    urldate = {2021-1-3},
},
    %https://is.mendelu.cz/eknihovna/opory/zobraz_cast.pl?fit_w=1;cast=9190 % autora bohužel neznám

@online{robotarna,
    keywords     = {online},
	author  = "",
    title   = "DDM Helceletova Brno Robotárna", 
    url     = {https://helceletka.cz/robotarna/},
    urldate = {2021-1-3},
},
    %https://helceletka.cz/robotarna/

@online{ALKS,
    keywords     = {online},
	author  = "RoboticsBrno",
    title   = "projekt ALKS",
    url     = {https://github.com/RoboticsBrno/ArduinoLearningKitStarter/projects},
    urldate = {2021-1-3},
},
    %https://github.com/RoboticsBrno/ArduinoLearningKitStarter/projects  